<record><leader>00000cas a2200000 i 4500</leader><controlfield tag="001">11378982</controlfield><controlfield tag="008">841113d1852186uinudn ne      0    0eng c</controlfield><datafield ind1=" " ind2=" " tag="010"><subfield code="a">sn 84045482 </subfield></datafield><datafield ind1=" " ind2=" " tag="040"><subfield code="a">NPI</subfield><subfield code="b">eng</subfield><subfield code="e">rda</subfield><subfield code="c">NPI</subfield><subfield code="d">OCLCQ</subfield><subfield code="d">IUL</subfield><subfield code="d">OCLCF</subfield></datafield><datafield ind1="1" ind2=" " tag="029"><subfield code="a">AU@</subfield><subfield code="b">000025832385</subfield></datafield><datafield ind1=" " ind2=" " tag="042"><subfield code="a">pcc</subfield></datafield><datafield ind1="0" ind2=" " tag="130"><subfield code="a">New Albany daily tribune (New Albany, Ind. : 1852)</subfield></datafield><datafield ind1="1" ind2="0" tag="245"><subfield code="a">New Albany daily tribune.</subfield></datafield><datafield ind1=" " ind2="1" tag="264"><subfield code="a">New Albany, Ind. :</subfield><subfield code="b">M. Gregg,</subfield><subfield code="c">1852-</subfield></datafield><datafield ind1=" " ind2=" " tag="300"><subfield code="a">volumes :</subfield><subfield code="b">illustrations (chiefly advertisements) ;</subfield><subfield code="c">56 cm</subfield></datafield><datafield ind1=" " ind2=" " tag="310"><subfield code="a">Daily (except Sunday)</subfield></datafield><datafield ind1=" " ind2=" " tag="336"><subfield code="a">text</subfield><subfield code="b">txt</subfield><subfield code="2">rdacontent</subfield></datafield><datafield ind1=" " ind2=" " tag="337"><subfield code="a">unmediated</subfield><subfield code="b">n</subfield><subfield code="2">rdamedia</subfield></datafield><datafield ind1=" " ind2=" " tag="338"><subfield code="a">volume</subfield><subfield code="b">nc</subfield><subfield code="2">rdacarrier</subfield></datafield><datafield ind1="0" ind2=" " tag="362"><subfield code="a">Vol. 1, no. 1 (March 22, 1852)-</subfield></datafield><datafield ind1="1" ind2=" " tag="362"><subfield code="a">Ceased sometime during the Civil War.</subfield><subfield code="z">Cf. Miller, Indiana newspaper bibliography.</subfield></datafield><datafield ind1=" " ind2=" " tag="500"><subfield code="a">"The pro-Whig party daily became a Republican party booster when that party began around 1854, and it also supported prohibition and limits on immigration." Cf. Miller.</subfield></datafield><datafield ind1=" " ind2=" " tag="580"><subfield code="a">Also issued in a weekly ed. called: New Albany weekly tribune.</subfield></datafield><datafield ind1=" " ind2=" " tag="588"><subfield code="a">Latest issue consulted: Vol. 9, no. I80 (October 22, 1860); U.S. Newspaper Archive (viewed May 9, 2017).</subfield></datafield><datafield ind1=" " ind2="0" tag="651"><subfield code="a">New Albany (Ind.)</subfield><subfield code="v">Newspapers.</subfield></datafield><datafield ind1=" " ind2="0" tag="651"><subfield code="a">Floyd County (Ind.)</subfield><subfield code="v">Newspapers.</subfield></datafield><datafield ind1=" " ind2="7" tag="655"><subfield code="a">Newspapers.</subfield><subfield code="2">fast</subfield><subfield code="0">(OCoLC)fst01423814</subfield></datafield><datafield ind1=" " ind2="7" tag="651"><subfield code="a">Indiana</subfield><subfield code="z">Floyd County.</subfield><subfield code="2">fast</subfield><subfield code="0">(OCoLC)fst01218075</subfield></datafield><datafield ind1=" " ind2="7" tag="651"><subfield code="a">Indiana</subfield><subfield code="z">New Albany.</subfield><subfield code="2">fast</subfield><subfield code="0">(OCoLC)fst01212578</subfield></datafield><datafield ind1=" " ind2=" " tag="752"><subfield code="a">United States</subfield><subfield code="b">Indiana</subfield><subfield code="c">Floyd</subfield><subfield code="d">New Albany.</subfield></datafield><datafield ind1="1" ind2=" " tag="775"><subfield code="t">New Albany weekly tribune (New Albany, Ind. : 1852)</subfield><subfield code="w">(DLC)sn 84037966</subfield><subfield code="w">(OCoLC)11167627</subfield></datafield><datafield ind1="0" ind2="0" tag="780"><subfield code="t">New Albany daily bulletin</subfield><subfield code="w">(DLC)sn 85048074</subfield><subfield code="w">(OCoLC)12617042</subfield></datafield><datafield ind1="4" ind2="1" tag="856"><subfield code="u">https://access.newspaperarchive.com/us/indiana/new-albany/new-albany-daily-tribune/</subfield></datafield></record>